@article{morgan1965morgan,
  author  = {Harry Morgan},
  title   = {The Generation of a Unique Machine Description for Chemical Structures-A Technique Developed at Chemical Abstracts Service.},
  journal = {Journal of Chemical Documentation},
  year    = {1965},
  volume  = {5},
  pages   = {107-113},
  url     = {https://api.semanticscholar.org/CorpusID:62164893},
  urldate = {2025-01-04}
}

@article{rogers2010ecfp,
  author  = {David Rogers and Mathew Hahn},
  title   = {Extended-Connectivity Fingerprints},
  journal = {Journal of chemical information and modeling},
  year    = {2010},
  volume  = {50},
  pages   = {742-754},
  doi     = {10.1021/ci100050t},
  url     = {https://api.semanticscholar.org/CorpusID:5132461},
  urldate = {2025-01-04}
}

@manual{chemaxon2025docs,
  author    = {Chemaxon},
  title     = {Extended Connectivity Fingerprint (ECFP)},
  journal   = {Documentation 16.9.19.0},
  year      = {},
  url       = {https://dl.chemaxon.com/docs/HTML/docs169190/Extended_Connectivity_Fingerprint_(ECFP).html},
  urldate   = {2025-01-04}
}

@unpublished{sun2024grammars,
  author  = {Michael Sun and Minghao Guo and Weize Yuan and Veronika Thost and Crystal Elaine Owens and Aristotle Grosz and Sharvaa Selvan and Katelyn Zhou and Hassan Mohiuddin and Benjamin J. Pedretti and Zachary P Smith and Jie Chen and Wojciech Matusik},
  title   = {Representing Molecules as Random Walks Over Interpretable Grammars},
  journal = {ArXiv},
  year    = {2024},
  volume  = {abs/2403.08147},
  url     = {https://api.semanticscholar.org/CorpusID:268379689},
  urldate = {2025-01-11}
}

@article{ghojogh2021lj,
  author  = {Benyamin Ghojogh and Ali Ghodsi and Fakhri Karray and Mark Crowley},
  title   = {Johnson-Lindenstrauss Lemma, Linear and Nonlinear Random Projections, Random Fourier Features, and Random Kitchen Sinks: Tutorial and Survey},
  journal = {ArXiv},
  year    = {2021},
  volume  = {abs/2108.04172},
  url     = {https://api.semanticscholar.org/CorpusID:236956607},
  urldate = {2024-12-20}
}

@online{weinberg2019lj,
  author    = {Matt Weinberg},
  title     = {Dimensionality Reduction and the Johnson-Lindenstrauss Lemma},
  journal   = {Princeton University},
  year      = {2019},
  url       = {https://www.cs.princeton.edu/~smattw/Teaching/Fa19Lectures/lec9/lec9.pdf},
  urldate   = {2025-01-04}
}

@unpublished{levy2024similarities,
  author  = {Avivit Levy and Riva Shalom and Michal Chalamish},
  title   = {A Guide to Similarity Measures},
  journal = {ArXiv},
  year    = {2024},
  volume  = {abs/2408.07706},
  url     = {https://api.semanticscholar.org/CorpusID:271874662},
  urldate = {2025-01-13}
}

@unpublished{freksen2021jl,
  author  = {Casper Benjamin Freksen},
  title   = {An Introduction to Johnson-Lindenstrauss Transforms},
  journal = {ArXiv},
  year    = {2021},
  volume  = {abs/2103.00564},
  url     = {https://api.semanticscholar.org/CorpusID:232075679},
  urldate = {2025-01-15}
}

@article{broder1997resemblance,
  author  = {Andrei Broder},
  title   = {On the resemblance and containment of documents},
  journal = {Proceedings. Compression and Complexity of SEQUENCES 1997 (Cat. No.97TB100171)},
  year    = {1997},
  pages   = {21-29},
  url     = {https://api.semanticscholar.org/CorpusID:11748509},
  urldate = {2025-01-14}
}

@online{musco2020minhash,
  author    = {Christopher Musco},
  title     = {CS-GY 9223 D: Lecture 2 Supplemental Finish MinHash, Exponential Tail Bounds},
  journal   = {NYU Tandon School of Engineering},
  year      = {2020},
  url       = {https://www.chrismusco.com/amlds2020/lectures/lec2_supp.pdf},
  urldate   = {2025-01-04}
}

@online{landrum2012fingerprints,
  author    = {Gregory Landrum},
  title     = {Fingerprints in the RDKit},
  year      = {2012},
  url       = {https://www.rdkit.org/UGM/2012/Landrum_RDKit_UGM.Fingerprints.Final.pptx.pdf},
  urldate   = {2025-03-24}
}

@book{le2020decipher,
  author    = {Tuan Le and Robin Winter and Frank No{\'e} and Djork-Arn{\'e} Clevert},
  title     = {Neuraldecipher – reverse-engineering extended-connectivity fingerprints (ECFPs) to their molecular structures},
  journal   = {Chemical Science},
  year      = {2020},
  volume    = {11},
  issue     = {38},
  pages     = {10378-10389},
  publisher = {The Royal Society of Chemistry},
  doi       = {10.1039/D0SC03115A},
  url       = {http://dx.doi.org/10.1039/D0SC03115A},
  urldate   = {2025-03-24}
}

@inproceedings{weber1998knn,
  author    = {Roger Weber and Hans-J{\"o}rg Schek and Stephen Blott},
  title     = {A Quantitative Analysis and Performance Study for Similarity-Search Methods in High-Dimensional Spaces},
  publisher = {Morgan Kaufmann Publishers Inc.},
  booktitle = {Very Large Data Bases Conference},
  year      = {1998},
  pages     = {194–205},
  doi       = {10.5555/645924.671192},
  url       = {https://api.semanticscholar.org/CorpusID:8109758},
  urldate   = {2025-04-25}
}

@inbook{berchtold2002xtree,
  author    = {Stefan Berchtold and Daniel Keim and Hans-Peter Kriegel},
  title     = {The X-tree: an index structure for high-dimensional data},
  year      = {2001},
  publisher = {Morgan Kaufmann Publishers Inc.},
  booktitle = {Readings in Multimedia Computing and Networking},
  pages     = {451–462},
  doi       = {10.5555/383802.383913},
  isbn      = {1558606513},
  url       = {https://dl.acm.org/doi/10.5555/383802.383913},
  urldate   = {2025-04-25}
}

@inproceedings{katayama1997srtree,
  author    = {Norio Katayama and Shin'ichi Satoh},
  title     = {The SR-tree: an index structure for high-dimensional nearest neighbor queries},
  booktitle = {ACM SIGMOD Record},
  volume    = {26},
  issue     = {2},
  pages     = {369 - 380},
  publisher = {Association for Computing Machinery},
  year      = {1997},
  doi       = {10.1145/253262.253347},
  url       = {https://dl.acm.org/doi/10.1145/253262.253347},
  urldate   = {2025-04-25}
}

@book{1995mathematical,
  author    = {National Research Council},
  title     = {Mathematical Challenges from Theoretical/Computational Chemistry},
  publisher = {National Academy Press},
  year      = {1995},
  url       = {https://apps.dtic.mil/sti/tr/pdf/ADA307664.pdf},
  urldate   = {2025-04-26}
}

@online{2025enamine,
  title     = {REAL Compounds},
  publisher = {Enamine},
  url       = {https://enamine.net/compound-collections/real-compounds},
  urldate   = {2025-04-26}
}

@online{2025zinc,
  title     = {ZINC20},
  publisher = {ZINC},
  url       = {https://zinc.docking.orgs},
  urldate   = {2025-04-26}
}

@article{kim2025pubchem,
  author    = {Sunghwan Kim and Jie Chen and Tiejun Cheng and Asta Gindulyte and Jia He and Siqian He and Qingliang Li and Benjamin Shoemaker and Paul Thiessen and Bo Yu and Leonid Zaslavsky and Jian Zhang and Evan Bolton},
  title     = {PubChem 2023 update},
  journal   = {Nucleic Acids Research},
  volume    = {51},
  year      = {2023},
  doi       = {10.1093/nar/gkac956},
  url       = {https://pmc.ncbi.nlm.nih.gov/articles/PMC9825602/},
  urldate   = {2025-04-26}
}

@book{leach2007chemoinformatics,
  author    = {Andrew Leach and Valerie Gillet},
  title     = {Introduction to Chemoinformatics},
  publisher = {Springer},
  year      = {2007},
  url       = {https://link.springer.com/book/10.1007/978-1-4020-6291-9},
  urldate   = {2025-04-26}
}

@manual{2025smiles,
  title     = {SMILES},
  publisher = {Chemaxon},
  url       = {https://docs.chemaxon.com/display/docs/formats_smiles.md},
  urldate   = {2025-04-26}
}

@book{karthikeyan2014chemoinformatics,
  author    = {Muthukumarasamy Karthikeyan and Renu Vyas},
  title     = {Practical Chemoinformatics},
  publisher = {Springer},
  year      = {2014},
  doi       = {10.1007/978-81-322-1780-0},
  url       = {https://link.springer.com/book/10.1007/978-81-322-1780-0},
  urldate   = {2025-04-26}
}

@book{gasteiger2003chemoinformatics,
  author    = {Johann Gasteiger and Thomas Engel},
  title     = {Chemoinformatics},
  publisher = {Wiley-VCH},
  year      = {2003},
  doi       = {10.1002/3527601643},
  url       = {https://www.fkkt.um.si/ukemat/Gasteiger-Chemoinfo.pdf},
  urldate   = {2025-04-26}
}

@book{brown2015medicinal,
  author    = {Nathan Brown},
  title     = {In Silico Medicinal Chemistry: Computational Methods to Support Drug Design},
  publisher = {The Royal Society of Chemistry},
  editor    = {Jonathan Hirst},
  year      = {2016},
  number    = {8},
  pages     = {26 - 40},
  isbn      = {2041-3181},
  doi       = {10.1039/9781782622604},
  url       = {http://ndl.ethernet.edu.et/handle/123456789/7933},
  urldate   = {2025-04-26}
}

@book{garey1990intractability,
  author    = {Michael Garey and David Johnson},
  title     = {Computers and Intractability; A Guide to the Theory of NP-Completeness},
  publisher = {W. H. Freeman},
  year      = {1990},
  isbn      = {0716710455},
  doi       = {10.5555/574848},
  url       = {https://perso.limos.fr/~palafour/PAPERS/PDF/Garey-Johnson79.pdf},
  urldate   = {2025-05-11}
}


@article{li2016heuristics,
  author    = {Zuqing Li and Bernard Chen and Dongsheng Che},
  title     = {Solving the Subgraph Isomorphism Problem Using Simulated Annealing and Evolutionary Algorithms}, 
  journal   = {International Conference on Artificial Intelligence},
  publisher = {CSREA Press},
  year      = {2016},
  pages     = {293 - 299},
  isbn      = {1-60132-438-3},
  url       = {https://worldcomp-proceedings.com/proc/p2016/ICA3229.pdf},
  urldate   = {2025-05-11}
}